@article{PranamiAndLamm_JChemTheoryComput2015,
  title = {Estimating Error in Diffusion Coefficients Derived from Molecular Dynamics Simulations},
  volume = {11},
  ISSN = {1549-9626},
  DOI = {10.1021/acs.jctc.5b00574},
  number = {10},
  journal = {J. Chem. Theory Comput.},
  publisher = {American Chemical Society (ACS)},
  author = {Pranami, Gaurav and Lamm, Monica H.},
  year = {2015},
  month = sep,
  pages = {4586--4592}
}

@article{FlyvbjergAndPetersen_JChemPhys1989,
  title = {Error Estimates on Averages of Correlated Data},
  volume = {91},
  ISSN = {1089-7690},
  DOI = {10.1063/1.457480},
  number = {1},
  journal = {J. Chem. Phys.},
  publisher = {AIP Publishing},
  author = {Flyvbjerg, H. and Petersen, H. G.},
  year = {1989},
  month = jul,
  pages = {461--466}
}

@book{Frenkel2023-ah,
  title     = "Understanding Molecular Simulation",
  author    = "Frenkel, Daan and Smit, Berend",
  publisher = "Academic Press",
  edition   =  3,
  month     =  jul,
  year      =  2023,
  address   = "San Diego, CA",
  language  = "en"
}

@article{TabeartEtAl_TellusDynMeteorolOceanogr2020,
  title = {Improving the Condition Number of Estimated Covariance Matrices},
  volume = {72},
  DOI = {10.1080/16000870.2019.1696646},
  number = {1},
  journal = {Tellus A: Dyn. Meteorol. Oceanogr.},
  author = {Tabeart, J. M. and Dance, S. L. and Lawless, A. S. and Nichols, N. K. and Waller, J. A.},
  year = {2020},
  pages = {1--19}
}

@article{UslerEtAl_JComputChem2023,
  doi = {10.1002/jcc.27090},
  year = {2023},
  month = feb,
  publisher = {Wiley},
  volume = {44},
  number = {14},
  pages = {1347--1359},
  author = {Adrian L. Usler and Dennis Kemp and Alexander Bonkowski and Roger A. De Souza},
  title = {A general expression for the statistical error in a diffusion coefficient obtained from a solid-state molecular-dynamics simulation},
  journal = {J. Comput. Chem.}
}

@article{MuruganEtAl_AngewChemIntEd2007,
  doi = {10.1002/anie.200701144},
  year = {2007},
  month = oct,
  publisher = {Wiley},
  volume = {46},
  number = {41},
  pages = {7778--7781},
  author = {Ramaswamy Murugan and Venkataraman Thangadurai and Werner Weppner},
  title = {Fast Lithium Ion Conduction in Garnet-Type {L}i$_7${L}a$_3${Z}r$_2${O}$_{12}$},
  journal = {Angew. Chem. Int. Ed.}
}

@article{SquiresEtAl_PhysRevMater2022,
  doi = {10.1103/physrevmaterials.6.085401},
  year = {2022},
  month = aug,
  publisher = {American Physical Society ({APS})},
  volume = {6},
  number = {8},
  author = {Alexander G. Squires and Daniel W. Davies and Sunghyun Kim and David O. Scanlon and Aron Walsh and Benjamin J. Morgan},
  title = {Low electronic conductivity of {L}i$_7${L}a$_3${Z}r$_2${O}$_{12}$ solid electrolytes from first principles},
  journal = {Phys. Rev. Mater.}
}

@article{LariniEtAl_NaturePhys2007,
  doi = {10.1038/nphys788},
  year = {2007},
  month = dec,
  publisher = {Springer Science and Business Media {LLC}},
  volume = {4},
  number = {1},
  pages = {42--45},
  author = {L. Larini and A. Ottochian and C. De Michele and D. Leporini},
  title = {Universal scaling between structural relaxation and vibrational dynamics in~glass-forming liquids and polymers},
  journal = {Nature Phys.}
}

@article{Gomer_RepProgPhys1990,
  doi = {10.1088/0034-4885/53/7/002},
  year = {1990},
  month = jul,
  publisher = {{IOP} Publishing},
  volume = {53},
  number = {7},
  pages = {917--1002},
  author = {R Gomer},
  title = {Diffusion of adsorbates on metal surfaces},
  journal = {Rep. Prog. Phys.}
}

@article{penrose_generlized_1955,
  doi = {10.1017/s0305004100030401},
  year = {1955},
  volume = {51},
  number = {3},
  pages = {406--413},
  author = {R. Penrose},
  title = {A generalized inverse for matrices},
  journal = {Math. Proc. Camb. Philos. Soc.}
}

@article{moore_on_1920,
  year = {1920},
  volume = {26},
  number = {9},
  pages = {394--395},
  author = {E. H. Moore},
  title = {On the reciprocal of the general algebraic matrix},
  journal = {Bull. Am. Math. Soc.}
}

@article{bjerhammar_application_1951,
  year = {1951},
  volume = {49},
  author = {A. Bjerhammar},
  title = {Application of calculus of matrices to method of least squares; with special references to geodetic calculations},
  journal = {Kungl. Tekn. HÃ¶gsk. Hand. Stockholm}
}

@article{broyden_convergence_1970,
  doi = {10.1093/imamat/6.1.76},
  year = {1970},
  volume = {6},
  number = {1},
  pages = {76--90},
  author = {C. G. Broyden},
  title = {The Convergence of a Class of Double-rank Minimization Algorithms 1. {G}eneral Considerations},
  journal = {{IMA} J. Appl. Math.}
}

@article{fletcher_new_1970,
  doi = {10.1093/comjnl/13.3.317},
  year = {1970},
  volume = {13},
  number = {3},
  pages = {317--322},
  author = {R. Fletcher},
  title = {A new approach to variable metric algorithms},
  journal = {Comput. J.}
}

@article{shanno_conditioning_1970,
  doi = {10.1090/s0025-5718-1970-0274029-x},
  year = {1970},
  volume = {24},
  number = {111},
  pages = {647--656},
  author = {D. F. Shanno},
  title = {Conditioning of quasi-Newton methods for function minimization},
  journal = {Math. Comput.}
}

@article{goldfarb_family_1970,
  doi = {10.1090/s0025-5718-1970-0258249-6},
  year = {1970},
  volume = {24},
  number = {109},
  pages = {23--26},
  author = {D. Goldfarb},
  title = {A family of variable-metric methods derived by variational means},
  journal = {Math. Comput.}
}

@article{VanderVenEtAl_PhysRevB2001,
  doi = {10.1103/physrevb.64.184307},
  year = {2001},
  month = oct,
  publisher = {American Physical Society ({APS})},
  volume = {64},
  number = {18},
  author = {A. Van der Ven and G. Ceder and M. Asta and P. D. Tepesch},
  title = {First-principles theory of ionic diffusion with nondilute carriers},
  journal = {Phys. Rev. B}
}

@article{howard_reports_1964,
  doi = {10.1088/0034-4885/27/1/305},
  year = {1964},
  volume = {27},
  number = {1},
  pages = {161--240},
  author = {R. E. Howard and A. B. Lidiard},
  title = {Matter transport in solids},
  journal = {Rep. Prog. Phys.}
}

@article{VanderVenEtAl_AccChemRes2013,
  doi = {10.1021/ar200329r},
  year = {2013},
  month = may,
  publisher = {American Chemical Society ({ACS})},
  volume = {46},
  number = {5},
  pages = {1216--1225},
  author = {Anton Van der Ven and Jishnu Bhattacharya and Anna A. Belak},
  title = {Understanding {L}i Diffusion in {L}i-Intercalation Compounds},
  journal = {Acc. Chem. Res.}
}

@article{deSouzaAndWales2006,
  doi = {10.1103/physrevlett.96.057802},
  year = {2006},
  month = feb,
  publisher = {American Physical Society ({APS})},
  volume = {96},
  number = {5},
  author = {Vanessa K. de Souza and David J. Wales},
  title = {Super-Arrhenius Diffusion in an Undercooled Binary Lennard-Jones Liquid Results from a Quantifiable Correlation Effect},
  journal = {Phys. Rev. Lett.}
}

@article{Morgan_RSocOpenSci2017,
  doi = {10.1098/rsos.170824},
  year = {2017},
  month = nov,
  publisher = {The Royal Society},
  volume = {4},
  number = {11},
  pages = {170824},
  author = {Benjamin J. Morgan},
  title = {Lattice-geometry effects in garnet solid electrolytes: {A} lattice-gas {M}onte {C}arlo simulation study},
  journal = {R. Soc. Open Sci.}
}

@article{aitken_on_1936,
  doi = {10.1017/s0370164600014346},
  year = {1936},
  volume = {55},
  pages = {42--48},
  author = {A. C. Aitken},
  title = {On Least-squares and Linear Combination of Observations},
  journal = {Proc. R. Soc. Edinb.}
}

@article{aitken_on_1942,
  doi = {10.1017/s008045410000618x},
  year = {1942},
  volume = {61},
  number = {2},
  pages = {186--194},
  author = {A. C. Aitken and H. Silverstone},
  title = {{XV}. -- {O}n the Estimation of Statistical Parameters},
  journal = {Proc. R. Soc. Edinb. A.}
}

@article{ashton_nested_2022,
  doi = {10.1038/s43586-022-00121-x},
  year = {2022},
  volume = {2},
  pages = {39},
  author = {G. Ashton and N. Bernstein and J. Buchner and X. Chen and G. Cs\'{a}nyi and A. Fowlie and F. Feroz and M. Griffiths and W. Handley and M. Habeck and E. Higson and M. Hobson and A. Lasenby and D. Parkinson and L. B. P\'{a}rtay and M. Pitkin and D. Schneider and J. S. Speagle and L. South and J. Veitch and P. Wacker and D. J. Wales and D. Yallup},
  title = {Nested sampling for physical scientists},
  journal = {Nature Rev. Methods Primers}
}

@misc{bath_research_2018,
  doi = {10.15125/B6CD-S854},
  url = {https://www.bath.ac.uk/professional-services/research-computing/},
  author = {{University of Bath}},
  title = {Research Computing},
  publisher = {University of Bath},
  year = {2018}
}

@article{bayes_essay_1763,
  doi = {10.1098/rstl.1763.0053},
  year = {1763},
  volume = {53},
  pages = {370--418},
  title = {{LII}. {A}n essay towards solving a problem in the doctrine of chances. {B}y the late {R}ev. {M}r. {B}ayes, {F}. {R}. {S}. communicated by {M}r. {P}rice, in a letter to {J}ohn {C}anton, {A}. {M}. {F}. {R}. {S}.},
  author = {T. Bayes},
  journal = {Philos. Trans. R. Soc.}
}

@article{bullerjohn_optimal_2020,
  doi = {10.1063/5.0008312},
  year = {2020},
  volume = {153},
  number = {2},
  pages = {024116},
  author = {J. T{\'{o}}mas Bullerjahn and S. von B\"{u}low and G. Hummer},
  title = {Optimal estimates of self-diffusion coefficients from molecular dynamics simulations},
  journal = {J. Chem. Phys.}
}

@article{burbano_sparse_2016,
	doi = {10.1103/physrevlett.116.135901},
	year = {2016},
	volume = {116},
	number = {13},
	author = {M. Burbano and D. Carlier and F. Boucher and B. J. Morgan and M. Salanne},
	title = {Sparse Cyclic Excitations Explain the Low Ionic Conductivity of Stoichiometric {L}i$_7${L}a$_3${Z}r$_2${O}$_{12}$},
	journal = {Phys. Rev. Lett.}
}

@article{coles_correlation_2020,
	doi = {10.1021/acs.jpcb.9b10542},
	year = {2020},
  volume = {124},
  number = {9},
  pages = {1778--1786},
	author = {S. W. Coles and C. Park and R. Nikam and M. Kandu{\v{c}} and J. Dzubiella and B. Rotenberg},
	title = {Correlation Length in Concentrated Electrolytes: Insights from All-Atom Molecular Dynamics Simulations},
	journal = {J. Phys. Chem. B}
}

@misc{coles_llzo_zenodo_2022,
  title = {{LLZO} simulation trajectories}, 
  doi = {10.5281/zenodo.7602139}, 
  publisher={Zenodo}, 
  author={Coles, S. W.}, 
  year={2022}, 
  month={Jul} 
}
  
@book{cramer_mathematical_1946,
  author = {H. Cram\'{e}r},
  year = {1946},
  title = {Mathematical methods of statistics ({PMS}-9), volume 9},
  publisher = {Princeton University Press},
  city = {Princeton, NJ, USA},
  isbn = {0-691-08004-6}
}

@article{dagostino_omnibus_1971,
  doi = {10.1093/biomet/58.2.341},
  year = {1971},
  volume = {58},
  number = {2},
  pages = {341--348},
  author = {R. B. D'Agstino},
  title = {An omnibus test of normality for moderate and large size samples},
  journal = {Biometrika}
}

@article{dagostino_tests_1973,
  doi = {10.1093/biomet/60.3.613},
  year = {1973},
  volume = {60},
  number = {3},
  pages = {613--622},
  author = {R. D'Agostino and E. S. Pearson},
  title = {Tests for departure from normality}, 
  journal = {Biometrika}
}

@article{darmois_sur_1945,
  doi = {10.2307/1400974},
  year = {1945},
  volume = {13},
  number = {1/4},
  pages = {9},
  author = {G. Darmois},
  title = {Sur les limites de la dispersion de certaines estimations},
  journal = {Rev. Int. Inst. Statist.}
}

@article{davies_computer_2018,
  doi = {https://doi.org/10.1039/C7SC03961A},
  year = {2018},
  volume = {9},
  number = {4},
  pages = {1022--1030},
  author = {D. W. Davies and K. T. Butler and J. M. Skelton and C. Xie and A. R. Oganov and A. Walsh},
  title = {Computer-aided design of metal chalcohalide semiconductors: from chemical composition to crystal structure},
  journal = {Chem. Sci.}
}

@article{dawson_toward_2019,
  doi = {10.1021/acs.chemmater.9b01794},
  year = {2019},
  volume = {31},
  number = {14},
  pages = {5296--5304},
  author = {J. A. Dawson and P. Canepa and M. J. Clarke and T. Famprikis and D. Ghosh and M. S. Islam},
  title = {Toward Understanding the Different Influences of Grain Boundaries on Ion Transport in Sulfide and Oxide Solid Electrolytes},
  journal = {Chem. Mater.}
}

@article{eames_ionic_2015,
  doi = {10.1038/ncomms8497},
  year = {2015},
  volume = {6},
  number = {1},
  author = {C. Eames and J. M. Frost and P, R. F. Barnes and B. C. O'Regan and A. Walsh and M. S. Islam},
  title = {Ionic transport in hybrid lead iodide perovskite solar cells},
  journal = {Nature Commun.}
}

@book{efron_introduction_1993,
  author = {B. Efron and R. Tibshirani},
  year = {1993},
  title = {An Introduction to the Bootstrap.},
  publisher = {Chapman \& Hall},
  city = {Boca Raton, FL, USA},
  isbn = {0-412-04231-2}
}

@article{einstein_uber_1905,
  doi = {10.1002/andp.19053220806},
  year = {1905},
  volume = {322},
  number = {8},
  pages = {549--560},
  author = {A. Einstein},
  title = {\"{U}ber die von der molekularkinetischen Theorie der W\"{a}rme geforderte Bewegung von in ruhenden Fl\"{u}ssigkeiten suspendierten Teilchen},
  journal = {Ann. Phys. (Berl.)}
}

@article{foremanmackey_emcee_2019,
  doi = {10.21105/joss.01864},
  year = {2019},
  volume = {4},
  number = {43},
  pages = {1864},
  author = {D. Foreman-Mackey and W. Farr and M. Sinha and A. Archibald and D. Hogg and J. Sanders and J. Zuntz and P. Williams and A. Nelson and M. de Val-Borro and T. Erhardt and I. Pashchenko and O. Pla},
  title = {emcee v3: {A} {P}ython ensemble sampling toolkit for affine-invariant {MCMC}},
  journal = {J. Open Source Softw.}
}

@article{frchet_sur_1943,
  doi = {10.2307/1401114},
  year = {1943},
  volume = {11},
  number = {3/4},
  pages = {182},
  author = {M. Fr{\'{e}}chet},
  title = {Sur l{\textquotesingle}extension de certaines evaluations statistiques au cas de petits echantillons},
  journal = {Rev. Int. Inst. Statist.}
}

@article{friauf_correlation_1962,
  doi = {10.1063/1.1777148},
  year = {1962},
  volume = {33},
  number = {1},
  pages = {494--505},
  author = {R. J. Friauf},
  title = {Correlation Effects for Diffusion in Ionic Crystals},
  journal = {J. Appl. Phys.}
}

@article{fulcher_analysis_1925,
  doi = {10.1111/j.1151-2916.1925.tb16731.x},
  year = {1925},
  volume = {8},
  number = {6},
  pages = {339--355},
  author = {G. S. Fulcher},
  title = {Analysis of Recent Measurements of the Viscosity of Glasses},
  journal = {J. Am. Ceram. Soc.}
}

@article{ghoufi_ultrafast_2016,
  doi = {10.1038/srep28518},
  year = {2016},
  volume = {6},
  number = {1},
  author = {A. Ghoufi and A. Szymczyk and P. Malfreyt},
  title = {Ultrafast diffusion of Ionic Liquids Confined in Carbon Nanotubes},
  journal = {Sci. Rep.}
}

@article{goodman_ensemble_2010,
  doi = {10.2140/camcos.2010.5.65},
  year = {2010},
  volume = {5},
  number = {1},
  pages = {65--80},
  author = {J. Goodman and J. Weare},
  title = {Ensemble samplers with affine invariance},
  journal = {Comm. App. Math. Comp. Sci.}
}

@inproceedings{gowers_mdanalysis_2016,
  doi = {10.25080/majora-629e541a-00e},
  year = {2016},
  publisher = {{SciPy}},
  author = {R. Gowers and m. Linke and J. Barnoud and T. Reddy and M. Melo and S. Seyler and J. Doma{\'{n}}ski and D. Dotson and S. Buchoux and I. Kenney and O. Beckstein},
  title = {{MDAnalysis}: {A} {P}ython Package for the Rapid Analysis of Molecular Dynamics Simulations},
  booktitle = {Proceedings of the 15th Python in Science Conference}
}

@article{helfand_transport_1960,
  doi = {10.1103/physrev.119.1},
  year = {1960},
  volume = {119},
  number = {1},
  pages = {1--9},
  author = {E. Helfand},
  title = {Transport Coefficients from Dissipation in a Canonical Ensemble},
  journal = {Physical Review}
}

@article{he_statistical_2018,
  doi = {10.1038/s41524-018-0074-y},
  year = {2018},
  volume = {4},
  number = {1},
  pages = {18},
  author = {X. He and Y. Zhu and A. Epstein and Y. Mo},
  title = {{S}tatistical variances of diffusional properties from ab initio molecular dynamics simulations},
  journal = {npj Comput. Mater.}
}

@article{hendriks_single_2017,
  doi = {10.1021/jacs.7b07139},
  year = {2017},
  volume = {139},
  number = {39},
  pages = {13632--13635},
  author = {F. C. Hendriks and F. Meirer and A. V. Kubarev and Z. Ristanovi{\'{c}} and M. B. J. Roeffaers and E. T. C. Vogt and P. C. A. Bruijnincx and B. M. Weckhuysen},
  title = {Single-Molecule Fluorescence Microscopy Reveals Local Diffusion Coefficients in the Pore Network of an Individual Catalyst Particle},
  journal = {J. Am. Chem. Soc.}
}

@article{higham_computing_1988,
  doi = {10.1016/0024-3795(88)90223-6},
  year = {1988},
  volume = {103},
  pages = {103--118},
  author = {N. J. Higham},
  title = {Computing a nearest symmetric positive semidefinite matrix},
  journal = {Linear Algebra Appl.}
}

@article{hoover_canonical_1985,
	doi = {10.1103/physreva.31.1695},
	year = {1985},
	volume = {31},
	number = {3},
	pages = {1695--1697},
	author = {W. G. Hoover},
	title = {Canonical dynamics: {E}quilibrium phase-space distributions},
	journal = {Phys. Rev. A}
}

@article{kass_bayes_1995,
  doi = {10.1080/01621459.1995.10476572},
  year = {1995},
  volume = {90},
  number = {430},
  pages = {773--795},
  author = {Robert E. Kass and Adrian E. Raftery},
  title = {{B}ayes Factors},
  journal = {J. Am. Stat. Assoc.}
}

@article{klepis_long_2009,
  doi = {10.1016/j.sbi.2009.03.004},
  year = {2009},
  volume = {19},
  number = {2},
  pages = {120--127},
  author = {J. L Klepeis and K. Lindorff-Larsen and R. O Dror and D. E Shaw},
  title = {Long-timescale molecular dynamics simulations of protein structure and function},
  journal = {Curr. Op. Struct. Biol.}
}

@article{kresse_ab_1993,
  doi = {10.1103/physrevb.47.558},
  year = {1993},
  volume = {47},
  number = {1},
  pages = {558--561},
  author = {G. Kresse and J. Hafner},
  title = {\emph{Ab initio} molecular dynamics for liquid metals},
  journal = {Phys. Rev. B}
}

@article{kresse_efficiency_1996,
  doi = {10.1016/0927-0256(96)00008-0},
  year = {1996},
  volume = {6},
  number = {1},
  pages = {15--50},
  author = {G. Kresse and J. Furthm\"{u}ller},
  title = {Efficiency of ab-initio total energy calculations for metals and semiconductors using a plane-wave basis set},
  journal = {Comput. Mater. Sci.}
}

@article{kresse_iterative_1996,
  doi = {10.1103/physrevb.54.11169},
  year = {1996},
  volume = {54},
  number = {16},
  pages = {11169--11186},
  author = {G. Kresse and J. Furthm\"{u}ller},
  title = {Efficient iterative schemes for \emph{ab-initio} total-energy calculations using a plane-wave basis set},
  journal = {Phys. Rev. B}
}

@misc{luger_showyourwork_2021,
  author = {{Luger}, Rodrigo},
  title = {{showyourwork}},
  year = {2021},
  publisher = {GitHub},
  journal = {GitHub repository},
  howpublished = {https://github.com/rodluger/showyourwork},
  commit = {main}
}

@article{maraj_time_2021,
  doi = {10.1063/5.0054119},
  year = {2021},
  volume = {31},
  number = {7},
  pages = {073120},
  author = {K. Maraj and D. Szarek and G. Sikora and A. Wy{\l}oma{\'{n}}ska},
  title = {Time-averaged mean squared displacement ratio test for {G}aussian processes with unknown diffusion coefficient},
  journal = {Chaos}
}

@article{marin_metalwalls_2020,
	doi = {10.21105/joss.02373},
	year = {2020},
	volume = {5},
	number = {53},
	pages = {2373},
	author = {A. Marin-Lafl{\`{e}}che and M. Haefele and L. Scalfi and A. Coretti and T. Dufils and G. Jeanmairet and S. Reed and A. Serva and R. Berthin and C. Bacon and S. Bonella and B. Rotenberg and P. Madden and M. Salanne},
	title = {{MetalWalls}: {A} classical molecular dynamics software dedicated to the simulation of electrochemical systems},
	journal = {J. Open Source Softw.}
}

@article{martyna_nose_1992,
	doi = {10.1063/1.463940},
	year = {1992},
	volume = {97},
	number = {4},
	pages = {2635--2643},
	author = {G. J. Martyna and M. L. Klein and M. Tuckerman},
	title = {Nos{\'{e}}--{H}oover chains: {T}he canonical ensemble via continuous dynamics},
	journal = {J. Chem. Phys.}
}

@article{maccmmon_dynamics_1977,
  doi = {10.1038/267585a0},
  year = {1977},
  volume = {267},
  number = {5612},
  pages = {585--590},
  author = {J. Andrew McCammon and Bruce R. Gelin and Martin Karplus},
  title = {Dynamics of folded proteins},
  journal = {Nature}
}

@article{mccluskey_bayesian_2019,
  doi = {10.1039/c9cp00203k},
  year = {2019},
  volume = {21},
  number = {11},
  pages = {6133--6141},
  author = {A. R. McCluskey and A. Sanchez-Fernandez and K. J. Edler and S. C. Parker and A. J. Jackson and R. A. Campbell and T. Arnold},
  title = {{B}ayesian determination of the effect of a deep eutectic solvent on the structure of lipid monolayers},
  journal = {Phys. Chem. Chem. Phys.}
}

@misc{mccluskey_github_2022,
  author = {McCluskey, A. R. and Coles, S. W. and Morgan, B. J.},
  license = {CC BY 4.0/MIT},
  month = {5},
  title = {{msd-errors-0.0.1}},
  howpublished = {https://github.com/arm61/msd-errors},
  year = {2023}
}

@software{mccluskey_kinisi_2022,
  author = {McCluskey, A. R. and Morgan, B. J.},
  license = {MIT},
  month = {4},
  title = {{kinisi-0.6.3}},
  howpublished = {https://github.com/bjmorgan/kinisi},
  version = {0.6.3},
  year = {2023}
}

@article{mccluskey_uravu_2020,
  doi = {10.21105/joss.02214},
  year = {2020},
  volume = {5},
  number = {50},
  pages = {2214},
  author = {A. R. McCluskey and T. Snow},
  title = {uravu: {M}aking {B}ayesian modelling easy(er)},
  journal = {J. Open Source Softw.}
}

@software{mccluskey_uravu_2022,
  author = {McCluskey, A. R. and Symington, A. R. and Dean, J. M.},
  license = {MIT},
  month = {9},
  title = {{uravu-1.2.9}},
  url = {https://github.com/arm61/uravu},
  version = {1.2.8},
  year = {2022}
}

@misc{mccluskey_zenodo_2022,
  title = {Data for github.com:arm61/msd-errors}, 
  howpublished = {DOI: 10.5072/zenodo.1206872},
  doi = {10.5072/zenodo.1206872}, 
  publisher={Zenodo}, 
  author={McCluskey, A. R.}, 
  year={2022}, 
  month={Jul} 
}


@misc{coles_llzo_zenodo_2022, 
  title = {{LLZO} simulation trajectories}, 
  doi = {10.5281/zenodo.7602139},
  url = {https://doi.org/10.5281/zenodo.7602139},
  publisher={Zenodo},
  author={Coles, S. W.}, 
  year={2022}, 
  month={Jul} 
} 

@article{michaudagrawal_mdanalysis_2011,
  doi = {10.1002/jcc.21787},
  year = {2011},
  volume = {32},
  number = {10},
  pages = {2319--2327},
  author = {N. Michaud-Agrawal and E. J. Denning and T. B. Woolf and O. Beckstein},
  title = {{MDAnalysis}: {A} toolkit for the analysis of molecular dynamics simulations},
  journal = {J. Comput. Chem.}
}

@article{morgan_absence_2012,
  doi = {10.1088/0953-8984/24/27/275303},
  year = {2012},
  volume = {24},
  number = {27},
  pages = {275303},
  author = {B. J. Morgan and P. A. Madden},
  title = {Absence of a space-charge-derived enhancement of ionic conductivity in $\Beta | \Gamma$- heterostructured 7H- and 9R-{AgI}},
  journal = {J. Phys. Condens. Matter}
}

@article{morgan_lattice_2017,
  doi = {10.1098/rsos.170824},
  year = {2017},
  volume = {4},
  number = {11},
  pages = {170824},
  author = {B. J. Morgan},
  title = {{L}attice-geometry effects in garnet solid electrolytes: a lattice-gas {M}onte {C}arlo simulation study},
  journal = {R. Soc. Open Sci.}
}

@article{morgan_mechanistic_2021,
  doi = {10.1021/acs.chemmater.0c03738},
  year = {2021},
  volume = {33},
  number = {6},
  pages = {2004--2018},
  author = {B. J. Morgan},
  title = {Mechanistic Origin of Superionic Lithium Diffusion in Anion-Disordered {L}i$_6${PS}$_5$${X}$ Argyrodites},
  journal = {Chem. Mater.}
}

@article{morgan_relationships_2014,
  doi = {10.1103/physrevlett.112.145901},
  year = {2014},
  volume = {112},
  number = {14},
  author = {Benjamin J. Morgan and Paul A. Madden},
  title = {Relationships between Atomic Diffusion Mechanisms and Ensemble Transport Coefficients in Crystalline Polymorphs},
  journal = {Phys. Rev. Lett.}
}

@article{morgan_understanding_2011,
  doi = {10.1098/rsta.2019.0451},
  year = {2021},
  volume = {379},
  number = {2211},
  author = {B. J. Morgan},
  title = {Understanding fast-ion conduction in solid electrolytes},
  journal = {Phil. Trans. Roy. Soc. A}
}

@article{najafi_super_2017,
  doi = {10.1038/ncomms15177},
  year = {2017},
  volume = {8},
  number = {1},
  author = {E. Najafi and V. Ivanov and A. Zewail and M. Bernardi},
  title = {{S}uper-diffusion of excited carriers in semiconductors},
  journal = {Nat. Comms.}
}

@article{nose_unified_1984,
	doi = {10.1063/1.447334},
	year = {1984},
	volume = {81},
	number = {1},
	pages = {511--519},
	author = {S. Nos{\'{e}}},
	title = {{A} unified formulation of the constant temperature molecular dynamics methods},
	journal = {J. Chem. Phys.}
}

@article{oliveira_anomalous_2019,
  doi = {10.3389/fphy.2019.00018},
  year = {2019},
  volume = {7},
  number = {18},
  author = {F. A. Oliveira and R. M. S. Ferreira and L. C. Lapas and M. H. Vainstein},
  title = {Anomalous Diffusion: A Basic Mechanism for the Evolution of Inhomogeneous Systems},
  journal = {Front. Phys.}
}

@article{poletayev_defect_2022,
  doi = {10.1038/s41563-022-01316-z},
  year = {2022},
  volume = {21},
  pages = {1066--1073},
  author = {A. D. Poletayev and J. A. Dawson and M. S. Islam and A. M. Lindenberg},
  title = {{D}efect-driven anomalous transport in fast-ion conducting solid electrolytes},
  journal = {Nat. Mater.}
}

@article{rao_information_1945,
  year = {1945},
  volume = {37},
  pages = {81--89},
  author = {C. R. Rao},
  title = {Information and the accuracy attainable in the estimation of statistical parameters},
  journal = {Bull. Calcutta Math. Soc.} 
}

@book{rao_selected_1994,
  author = {C. R. Rao},
  year = {1994},
  title = {Selected papers of {C}. {R}. {R}ao},
  publisher = {John Wiley \& Sons},
  city = {Nashville, TN, USA},
  isbn = {0-691-08004-6},
  editor = {S. Das Gupta}
}

@article{RobertsonEtAl_ProcNatlAcadSci2006,
  title = {Diffusion of Isolated {DNA} Molecules: {D}ependence on Length and Topology},
  volume = {103},
  ISSN = {1091-6490},
  url = {http://dx.doi.org/10.1073/pnas.0601903103},
  DOI = {10.1073/pnas.0601903103},
  number = {19},
  journal = {Proc. Natl. Acad. Sci.},
  publisher = {Proceedings of the National Academy of Sciences},
  author = {Robertson, Rae M. and Laib, Stephan and Smith, Douglas E.},
  year = {2006},
  month = may,
  pages = {7310--7314}
}

@article{robustelli_developing_2018,
  doi = {10.1073/pnas.1800690115},
  year = {2018},
  volume = {115},
  number = {21},
  pages = {E4758--E4766},
  author = {P. Robustelli and S. Piana and D. E. Shaw},
  title = {{D}eveloping a molecular dynamics force field for both folded and disordered protein states},
  journal = {Proc. Natl. Acad. Sci. U.S.A.}
}

@article{schroder_on_2008,
	doi = {10.1063/1.2868752},
	year = {2008},
	volume = {128},
	number = {13},
	pages = {134501},
	author = {C. Schr\"{o}der and M. Haberler and O. Steinhauser},
	title = {{O}n the computation and contribution of conductivity in molecular ionic liquids},
	journal = {J. Chem. Phys.}
}

@article{sendner_interfacial_2009,
  doi = {10.1021/la901314b},
  year = {2009},
  volume = {25},
  number = {18},
  pages = {10768--10781},
  author = {C. Sendner and D. Horinek and L. Bocquet and R. R. Netz},
  title = {Interfacial Water at Hydrophobic and Hydrophilic Surfaces: Slip,  Viscosity,  and Diffusion},
  journal = {Langmuir}
}

@article{ShimizuEtAl_PhysChemChemPhys2015,
  title = {Structural and Aggregate Analyses of ({L}i Salt + Glyme) Mixtures: {T}he Complex Nature of Solvate Ionic Liquids},
  volume = {17},
  ISSN = {1463-9084},
  DOI = {10.1039/c5cp03414k},
  number = {34},
  journal = {Phys. Chem. Chem. Phys.},
  publisher = {Royal Society of Chemistry (RSC)},
  author = {Shimizu, Karina and Freitas, Adilson A. and Atkin, Rob and Warr, Gregory G. and FitzGerald, Paul A. and Doi, Hiroyuki and Saito, Soshi and Ueno, Kazuhide and Umebayashi, Yasuhiro and Watanabe, Masayoshi and Canongia Lopes, JosÃ© N.},
  year = {2015},
  pages = {22321--22335}
}

@inproceedings{skilling_nested_2006,
  doi = {10.1063/1.1835238},
  year = {2004},
  publisher = {{AIP}},
  author = {J. Skilling},
  title = {{N}ested {S}ampling},
  booktitle = {{AIP} Conference Proceedings}
}

@article{smith_random_1996,
  author = {W. Smith and M. J. Gillan},
  year = {1996},
  journal = {Inf. Q. Comput. Simul. Condens. Phases},
  pages = {54--64},
  title = {{T}he {R}andom {W}alk and the {M}ean {S}quared {D}isplacement}
}

@article{song_transport_2019,
  doi = {10.1073/pnas.1900239116},
  year = {2019},
  volume = {116},
  number = {26},
  pages = {12733--12742},
  author = {S. Song and S. J. Park and M. Kim and J. S. Kim and B. J. Sung and S. Lee and J.-H. Kim and J. Sung},
  title = {{T}ransport dynamics of complex fluids},
  journal = {PNAS}
}

@article{speagle_dynesty_2020,
  doi = {10.1093/mnras/staa278},
  year = {2020},
  volume = {493},
  number = {3},
  pages = {3132--3158},
  author = {J. S. Speagle},
  title = {dynesty: a dynamic nested sampling package for estimating Bayesian posteriors and evidences},
  journal = {Mon. Notices Royal Astron. Soc.}
}

@article{tammann_die_1926,
  doi = {10.1002/zaac.19261560121},
  year = {1926},
  volume = {156},
  number = {1},
  pages = {245--257},
  author = {G. Tammann and W. Hesse},
  title = {{D}ie {A}bh\"{a}ngigkeit der {V}iscosit\"{a}t von der {T}emperatur bie unterk\"{u}hlten {F}l\"{u}ssigkeiten},
  journal = {Z. Anorg. Allg. Chem.}
}

@book{theil_principles_1971,
  author = {H. Theil},
  year = {1971},
  title = {Principles of Econometrics},
  publisher = {John Wiley \& Sons},
  city = {New York, NY, USA},
  isbn = {0-471-85845-5}
}

@article{virtanen_scipy_2020,
  doi = {10.1038/s41592-019-0686-2},
  year = {2020},
  volume = {17},
  number = {3},
  pages = {261--272},
  author = {P. Virtanen and R. Gommers and T. E. Oliphant and M. Haberland and T. Reddy and D. Cournapeau and E. Burovski and P. Peterson and W. Weckesser and J. Bright and S. J. van der Walt and M. Brett and J. Wilson and K. J. Millman and N. Mayorov and A. R. J. Nelson and E. Jones and R. Kern and E. Larson and C. J. Carey and {\.{I}} Polat and Y. Feng and E. W. Moore and J. VanderPlas and D. Laxalde and J. Perktold and R. Cimrman and I. Henriksen and E. A. Quintero and C. R. Harris and A. M. Archibald and A. H. Ribeiro and F. Pedregosa and P. van Mulbregt and A. Vijaykumar and A. P. Bardelli and A. Rothberg and A. Hilboll and A. Kloeckner and A. Scopatz and A. Lee and A. Rokem and C. N. Woods and C. Fulton and C. Masson and C. H\"{a}ggstr\"{o}m and C. Fitzgerald and A. A. Nicholson and D. R. Hagen and D. V. Pasechnik and E. Olivetti and E. Martin and E. Wieser and F. Silva and F. Lenders and F. Wilhelm and G. Young and G. A. Price and G.-L. Ingold and G. E. Allen and G. R. Lee and H. Audren and I. Probst and J. P. Dietrich and j. Silterra and J. T Webber and J. Slavi{\v{c}} and J. Nothman and J. Buchner and J. Kulick and J. L. Sch\"{o}nberger and J. V. de Miranda Cardoso and J. Reimer and J. Harrington and J. L. C. Rodr{\'{\i}}guez and J. Nunez-Iglesias and J. Kuczynski and K. Tritz and M. Thoma and M. Newville and M. K\"{u}mmerer and M. Bolingbroke and M. Tartre and M. Pak and N. J. Smith and N. Nowaczyk and N. Shebanov and O. Pavlyk and P. A. Brodtkorb and P. Lee and R. T. McGibbon and R. Feldbauer and S. Lewis and S. Tygier and S. Sievert and S. Vigna and S. Peterson and S. More and T. Pudlik and T. Oshima and T. J. Pingel and T. P. Robitaille and T. Spura and T. R. Jones and T. Cera and T. Leslie and T. Zito and T. Krauss and U. Upadhyay and Y. O. Halchenko and Y. V{\'{a}}zquez-Baeza and {SciPy 1.0 Contributors}},
  title = {{SciPy} 1.0: fundamental algorithms for scientific computing in {P}ython},
  journal = {Nat. Methods}
}

@article{vogel_das_1921,
  year = {1921},
  volume = {22},
  pages = {645},
  title = {{D}as {T}emperaturabhaengigkeitsgesetz der {V}iskositaet von {F}luessigkeiten},
  author = {H. Vogel},
  journal = {Phys. Z.}
}

@article{walsh_taking_2018,
  doi = {10.1021/acsenergylett.8b00764},
  year = {2018},
  volume = {3},
  number = {8},
  pages = {1983--1990},
  author = {A. Walsh and S. D. Stranks},
  title = {{T}aking {C}ontrol of {I}on {T}ransport in {H}alide {P}erovskite {S}olar {C}ells},
  journal = {{ACS} Energy Lett.}
}

@article{wang_application_2011,
  doi = {10.1002/jcc.21939},
  year = {2011},
  volume = {32},
  number = {16},
  pages = {3505--3519},
  author = {J. Wang and T. Hou},
  title = {{A}pplication of molecular dynamics simulations in molecular property prediction {II}: {D}iffusion coefficient},
  journal = {J. Comput. Chem.}
}

@article{wang_application_2011,
  doi = {10.1002/jcc.21939},
  year = {2011},
  volume = {32},
  number = {16},
  pages = {3505--3519},
  author = {J. Wang and T. Hou},
  title = {{A}pplication of molecular dynamics simulations in molecular property prediction {II}: {D}iffusion coefficient},
  journal = {J. Comput. Chem.}
}

@article{wang_atomistic_2021,
  doi = {10.1021/acsaem.1c01237},
  year = {2021},
  volume = {4},
  number = {7},
  pages = {7157--7167},
  author = {J. Wang and J. Ding and O. Delaire and G. Arya},
  title = {{A}tomistic {M}echanisms {U}nderlying {N}on-{A}rrhenius {I}on {T}ransport in {S}uperionic {C}onductor \ce{AgCrSe2}},
  journal = {{ACS} Appl. Energy Mater.}
}

@article{wilson_polarization_1993,
	doi = {10.1088/0953-8984/5/17/004},
	year = {1993},
	volume = {5},
	number = {17},
	pages = {2687--2706},
	author = {M. Wilson and P. A. Madden},
	title = {{P}olarization effects in ionic systems from first principles},
	journal = {J. Phys.: Condens. Matter}
}

@article{ZelovichEtAl_ChemMater2019,
  title = {Hydroxide Ion Diffusion in Anion-Exchange Membranes at Low Hydration: {I}nsights from Ab Initio Molecular Dynamics},
  volume = {31},
  ISSN = {1520-5002},
  url = {http://dx.doi.org/10.1021/acs.chemmater.9b01824},
  number = {15},
  journal = {Chem. Mater.},
  publisher = {American Chemical Society (ACS)},
  author = {Zelovich, Tamar and Vogt-Maranto, Leslie and Hickner, Michael A. and Paddison, Stephen J. and Bae, Chulsung and Dekel, Dario R. and Tuckerman, Mark E.},
  year = {2019},
  month = jun,
  pages = {5778--5787}
}

@misc{spencer_pyblock_2020,
  author = {J. Spencer and R. Di Remigio EikÃ¥s and V. Neufeld and T. Poole},
  title = {{pyblock-0.6}},
  year = {2020},
  publisher = {GitHub},
  journal = {GitHub repository},
  howpublished = {https://github.com/jsspencer/pyblock},
  commit = {main}
}
